<record><leader>00000cas a22000007a 4500</leader><controlfield tag="001">27360061</controlfield><controlfield tag="008">930202d19341939mau x ne      0    0eng d</controlfield><datafield ind1=" " ind2=" " tag="010"><subfield code="a">sn 93058733 </subfield></datafield><datafield ind1=" " ind2=" " tag="040"><subfield code="a">MGN</subfield><subfield code="b">eng</subfield><subfield code="c">MGN</subfield><subfield code="d">OCLCQ</subfield></datafield><datafield ind1="0" ind2=" " tag="130"><subfield code="a">Harpoon (Nantucket, Mass. : 1934)</subfield></datafield><datafield ind1="1" ind2="4" tag="245"><subfield code="a">The Harpoon.</subfield></datafield><datafield ind1=" " ind2=" " tag="260"><subfield code="a">Nantucket Island [Mass. :</subfield><subfield code="b">Katharine Lord]</subfield></datafield><datafield ind1=" " ind2=" " tag="300"><subfield code="a">v.</subfield></datafield><datafield ind1=" " ind2=" " tag="310"><subfield code="a">Irregular</subfield></datafield><datafield ind1="0" ind2=" " tag="362"><subfield code="a">June 1934-Spring 1939.</subfield></datafield><datafield ind1=" " ind2=" " tag="500"><subfield code="a">Issued during the tourist season, June-Aug., with some combined issues, and plans in 1939 for Spring, Summer, and Autumn issues, of which only Spring seems to have been published.</subfield></datafield><datafield ind1=" " ind2=" " tag="752"><subfield code="a">United States</subfield><subfield code="b">Massachusetts</subfield><subfield code="c">Nantucket</subfield><subfield code="d">Nantucket.</subfield></datafield></record>